<?xml version="1.0" encoding="UTF-8"?><record xmlns="http://www.loc.gov/MARC21/slim" xmlns:cinclude="http://apache.org/cocoon/include/1.0" xmlns:zs="http://www.loc.gov/zing/srw/">
  <leader>00444cz  a2200133n  4500</leader>
  <controlfield tag="001">n  85352805 </controlfield>
  <controlfield tag="003">DLC</controlfield>
  <controlfield tag="005">20080419075613.0</controlfield>
  <controlfield tag="008">860414n| acannaabn          |n aaa      </controlfield>
  <datafield tag="010" ind1=" " ind2=" ">
    <subfield code="a">n  85352805 </subfield>
  </datafield>
  <datafield tag="035" ind1=" " ind2=" ">
    <subfield code="a">(OCoLC)oca01562300</subfield>
  </datafield>
  <datafield tag="040" ind1=" " ind2=" ">
    <subfield code="a">DLC</subfield>
    <subfield code="b">eng</subfield>
    <subfield code="c">DLC</subfield>
    <subfield code="d">DLC</subfield>
    <subfield code="d">OCoLC</subfield>
  </datafield>
  <datafield tag="100" ind1="1" ind2=" ">
    <subfield code="a">Hird, Martin</subfield>
  </datafield>
  <datafield tag="670" ind1=" " ind2=" ">
    <subfield code="a">Gilligan, C. International marketing, c1986:</subfield>
    <subfield code="b">CIP t.p. (Martin Hird) galley (Head, Faculty of Business, Humberside College of Higher Education)</subfield>
  </datafield>
</record>